@Book{xie2015,
  title = {Dynamic Documents with {R} and knitr},
  author = {Yihui Xie},
  publisher = {Chapman and Hall/CRC},
  address = {Boca Raton, Florida},
  year = {2015},
  edition = {2nd},
  note = {ISBN 978-1498716963},
  url = {http://yihui.name/knitr/},
}

@book{slotine91book-applied,
  title={Applied nonlinear control},
  author={Slotine, Jean-Jacques E and Li, Weiping and others},
  volume={199},
  number={1},
  year={1991},
  publisher={Prentice hall Englewood Cliffs, NJ}
}

@book{bertsekas12book-dpocI,
  title={Dynamic programming and optimal control: Volume I},
  author={Bertsekas, Dimitri},
  volume={1},
  year={2012},
  publisher={Athena scientific}
}
